<?xml version="1.0" encoding="utf-8"?>
<record xmlns="http://www.loc.gov/MARC21/slim" xmlns:xsi="http://www.w3.org/2001/XMLSchema-instance" xsi:schemaLocation="http://www.loc.gov/MARC21/slim http://www.loc.gov/standards/marcxml/schema/MARC21slim.xsd">
	<leader>     nam a22        4500</leader>
	<controlfield tag="001">3062677</controlfield>
	<controlfield tag="003">NNC</controlfield>
	<controlfield tag="006">m        d        </controlfield>
	<controlfield tag="007">cr cn |||m|||a</controlfield>
	<controlfield tag="008">150603s1960    su      o     000 0 arar </controlfield>
	<datafield ind1=" " ind2=" " tag="040">
		<subfield code="a">NNU</subfield>
		<subfield code="b">eng</subfield>
		<subfield code="e">rda</subfield>
		<subfield code="c">NNU</subfield>
	</datafield>
	<datafield ind1=" " ind2="4" tag="050">
		<subfield code="a">BP144</subfield>
		<subfield code="b">.J35</subfield>
	</datafield>
	<datafield ind1="1" ind2=" " tag="100">
		<subfield code="6">880-01</subfield>
		<subfield code="a">Jammāʻīlī, ʻAbd al-Ghanī ibn ʻAbd al-Wāḥid,</subfield>
		<subfield code="d">1146-1203.</subfield>
	</datafield>
	<datafield ind1="1" ind2="0" tag="245">
		<subfield code="6">880-02</subfield>
		<subfield code="a">Matn ʻUmdat al-aḥkām min kalām khayr al-anām ʻalayhi al-ṣalāh wa-al-salām /</subfield>
		<subfield code="c">taʼlīf Taqī al-Dīn Abī Muḥammad ʻAbd al-Ghanī al-Maqdisī al-Jammāʻīlī al-Ḥanbalī.</subfield>
	</datafield>
	<datafield ind1=" " ind2=" " tag="250">
		<subfield code="6">880-03</subfield>
		<subfield code="a">[al-Ṭabʻah al-ūlá].</subfield>
	</datafield>
	<datafield ind1=" " ind2=" " tag="260">
		<subfield code="6">880-04</subfield>
		<subfield code="a">al-Ṭāʼif :</subfield>
		<subfield code="b">Maktabat al-Maʻārif</subfield>
		<subfield code="c">[1380, 1960/61]</subfield>
	</datafield>
	<datafield ind1=" " ind2=" " tag="300">
		<subfield code="a">online resource (127 pages)</subfield>
	</datafield>
	<datafield ind1=" " ind2=" " tag="336">
		<subfield code="a">text</subfield>
		<subfield code="2">rdacontent</subfield>
	</datafield>
	<datafield ind1=" " ind2=" " tag="337">
		<subfield code="a">computer</subfield>
		<subfield code="2">rdamedia</subfield>
	</datafield>
	<datafield ind1=" " ind2=" " tag="338">
		<subfield code="a">online resource</subfield>
		<subfield code="2">rdacarrier</subfield>
	</datafield>
	<datafield ind1=" " ind2=" " tag="500">
		<subfield code="a">Part of the Arabic Collections Online (ACO) project, contributed by Columbia University Libraries.</subfield>
	</datafield>
	<datafield ind1=" " ind2=" " tag="533">
		<subfield code="a">Electronic reproduction.</subfield>
		<subfield code="b">New York, N.Y. :</subfield>
		<subfield code="c">New York University,</subfield>
		<subfield code="d">2015.</subfield>
		<subfield code="5">NNU</subfield>
	</datafield>
	<datafield ind1=" " ind2="0" tag="650">
		<subfield code="a">Islamic law</subfield>
		<subfield code="v">Popular works.</subfield>
	</datafield>
	<datafield ind1=" " ind2="7" tag="650">
		<subfield code="a">Islamic law.</subfield>
		<subfield code="2">fast</subfield>
		<subfield code="0">(OCoLC)fst00979949</subfield>
	</datafield>
	<datafield ind1=" " ind2="7" tag="655">
		<subfield code="a">Popular works.</subfield>
		<subfield code="2">fast</subfield>
		<subfield code="0">(OCoLC)fst01423846</subfield>
	</datafield>
	<datafield ind1="2" ind2=" " tag="710">
		<subfield code="a">Columbia University.</subfield>
		<subfield code="b">Libraries.</subfield>
	</datafield>
	<datafield ind1="0" ind2=" " tag="730">
		<subfield code="a">Arabic Collections Online.</subfield>
	</datafield>
	<datafield ind1="0" ind2="8" tag="776">
		<subfield code="i">Online version:</subfield>
		<subfield code="a">Jammāʻīlī, ʻAbd al-Ghanī ibn ʻAbd al-Wāḥid, 1146-1203.</subfield>
		<subfield code="t">Matn ʻUmdat al-aḥkām min kalām khayr al-anām ʻalayhi al-ṣalāh wa-al-salām.</subfield>
		<subfield code="b">[al-Ṭabʻah al-ūlá].</subfield>
		<subfield code="d">al-Ṭāʼif, Maktabat al-Maʻārif [1380 1960/61]</subfield>
		<subfield code="w">(OCoLC)551343192</subfield>
	</datafield>
	<datafield ind1="0" ind2="8" tag="776">
		<subfield code="i">Online version:</subfield>
		<subfield code="a">Jammāʻīlī, ʻAbd al-Ghanī ibn ʻAbd al-Wāḥid, 1146-1203.</subfield>
		<subfield code="t">Matn ʻUmdat al-aḥkām min kalām khayr al-anām ʻalayhi al-ṣalāh wa-al-salām.</subfield>
		<subfield code="b">[al-Ṭabʻah al-ūlá].</subfield>
		<subfield code="d">al-Ṭāʼif, Maktabat al-Maʻārif [1380 1960/61]</subfield>
		<subfield code="w">(OCoLC)607852628</subfield>
	</datafield>
	<datafield ind1="0" ind2="8" tag="776">
		<subfield code="i">Print version:</subfield>
		<subfield code="a">Jammāʻīlī, ʻAbd al-Ghanī ibn ʻAbd al-Wāḥid, 1146-1203.</subfield>
		<subfield code="t">Matn ʻUmdat al-aḥkām min kalām khayr al-anām ʻalayhi al-ṣalāh wa-al-salām</subfield>
		<subfield code="w">(NNC)3062677</subfield>
		<subfield code="w">(DLC)ne 63001311 </subfield>
		<subfield code="w">(OCoLC)23132348</subfield>
	</datafield>
	<datafield ind1="4" ind2="0" tag="856">
		<subfield code="u">http://hdl.handle.net/2333.1/jq2bvsqq</subfield>
	</datafield>
	<datafield ind1="1" ind2=" " tag="880">
		<subfield code="6">100-01/r</subfield>
		<subfield code="a">جماعيلي، عبد الغني بن عبد الواحد،</subfield>
		<subfield code="d">1146-1203.</subfield>
	</datafield>
	<datafield ind1="1" ind2="0" tag="880">
		<subfield code="6">245-02/r</subfield>
		<subfield code="a">متن عمدة الاحكام من كلام خير الانام عليه الصلاه والسلام /</subfield>
		<subfield code="c">تأليف تقي الدين ابي محمد عبد الغني المقدسي الجماعيلي الحنبلي.</subfield>
	</datafield>
	<datafield ind1=" " ind2=" " tag="880">
		<subfield code="6">250-03/r</subfield>
		<subfield code="a">[الطبعة الأولى].</subfield>
	</datafield>
	<datafield ind1=" " ind2=" " tag="880">
		<subfield code="6">260-04/r</subfield>
		<subfield code="a">الطائف :</subfield>
		<subfield code="b">مكتبة المعارف</subfield>
		<subfield code="c">[1380، 1960/61]</subfield>
	</datafield>
	<datafield ind1=" " ind2=" " tag="959">
		<subfield code="a">NNU</subfield>
		<subfield code="b">WEB</subfield>
		<subfield code="c">GENI</subfield>
		<subfield code="t">0</subfield>
		<subfield code="m">Electronic access</subfield>
		<subfield code="s">01</subfield>
	</datafield>
	<datafield ind1=" " ind2=" " tag="999">
		<subfield code="i">NNC_3062677</subfield>
		<subfield code="o">(OCoLC)ocm23132348 </subfield>
		<subfield code="s">columbia_aco000697</subfield>
	</datafield>
</record>
